% This file was created with JabRef 2.3.1.
% Encoding: UTF-8

@BOOK{andrews91concurrent,
  title = {Concurrent Programming, Principles and Practice},
  publisher = {The Benjamin/Cummings Publishing Company, Inc.},
  year = {1991},
  author = {Gregory R. Andrews},
  owner = {ythoma},
  review = {Formalisme mathématique.
	
	Des exercices sont proposés, mais en restant dans le formalisme développé.},
  timestamp = {2009.02.04}
}

@BOOK{carver06modern,
  title = {Modern Multithreading},
  publisher = {John Wiley \& Sons, Inc.},
  year = {2006},
  author = {Richard H. Carver and Kuo-Chung Tai},
  owner = {ythoma},
  review = {Bon livre.
	
	Beaucoup d'exercices proposés
	
	Chapitre sur les tests, pas mal du tout
	
	Chapitre sur les moniteurs, et sur le test des moniteurs (en C++ et
	Java)},
  timestamp = {2009.02.04}
}

@BOOK{hughes03parallel,
  title = {Parallel and Distributed Programming Using C++},
  publisher = {Addison-Wesley},
  year = {2003},
  author = {Cameron Hughes and Tracey Hughes},
  owner = {ythoma},
  review = {Bonne partie sur CORBA
	
	Termine avec les références complètes de POSIX, avec plus d'une page
	par fonction.},
  timestamp = {2009.02.04}
}

@BOOK{hughes97object,
  title = {Object-Oriented Multithreading Using C++},
  publisher = {John Wiley \& Sons, Inc.},
  year = {1997},
  author = {Cameron Hughes and Tracey Hughes},
  owner = {ythoma},
  review = {Un chapitre sur les tests d'applications multi-threadées, mais pas
	énorme
	
	Termine avec les références complètes de POSIX, avec plus d'une page
	par fonction.},
  timestamp = {2009.02.04}
}

@BOOK{lea96concurrent,
  title = {Concurrent Programming in Java},
  publisher = {Addison-Wesley},
  year = {1996},
  author = {Doug Lea},
  owner = {ythoma},
  timestamp = {2009.02.04}
}

@BOOK{nichols98pthreads,
  title = {Pthreads Programming},
  publisher = {O'Reilly},
  year = {1998},
  author = {Bradford Nichols and Dick Buttlar and Jacqueline Proulx Farrel},
  owner = {ythoma},
  timestamp = {2009.02.04}
}

@BOOK{walmsley01multi,
  title = {Multi-Threaded Programming in C++},
  publisher = {Springer-Verlag},
  year = {2001},
  author = {Mark Walmsley},
  owner = {ythoma},
  review = {Semble vieillot.
	
	Implémente différents mécanismes pour Unix et Win32:
	
	Mutex
	
	Atomic
	
	Event
	
	Synch
	
	Semaphore
	
	Pool
	
	Pipeline
	
	Arbitrator
	
	Keys},
  timestamp = {2009.02.04}
}

@BOOK{zaffalon07programmation,
  title = {Programmation concurrente et temps r\'eel avec Java},
  publisher = {Presses Polytechniques et Universitaires Romandes},
  year = {2007},
  author = {Luigi Zaffalon},
  owner = {ythoma},
  timestamp = {2009.02.04}
}

@comment{jabref-meta: selector_publisher:}

@comment{jabref-meta: selector_author:}

@comment{jabref-meta: selector_journal:}

@comment{jabref-meta: selector_keywords:}

